
@String{LNCS = {Lecture Notes in Computer Science}
}

@InProceedings{Cohen_heuristics_1984,
author="Cohen, H.
and Lenstra, H.W.",
editor="Jager, Hendrik",
title="Heuristics on class groups of number fields",
booktitle="Number Theory Noordwijkerhout 1983",
year="1984",
publisher="Springer Berlin Heidelberg",
address="Berlin, Heidelberg",
pages="33--62",
isbn="978-3-540-38906-4"
}

@inproceedings{flynn2019genus,
  title={Genus two isogeny cryptography},
  author={Flynn, E Victor and Ti, Yan Bo},
  booktitle={International Conference on Post-Quantum Cryptography},
  pages={286--306},
  year={2019},
  organization={Springer}
}

@article{edwards2007normal,
  title={A normal form for elliptic curves},
  author={Edwards, Harold},
  journal={Bulletin of the American Mathematical Society},
  volume={44},
  number={3},
  pages={393--422},
  year={2007}
}


@ARTICLE{Sutherland_sato_2016,
       author = {{Sutherland}, A.V.},
        title = "{Sato-Tate Distributions}",
      journal = {arXiv e-prints},
     keywords = {Mathematics - Number Theory, 11M50 (Primary), 11G10, 11G20, 14G10, 14K15 (Secondary)},
         year = "2016",
        month = "Apr",
          eid = {arXiv:1604.01256},
        pages = {arXiv:1604.01256},
archivePrefix = {arXiv},
       eprint = {1604.01256},
 primaryClass = {math.NT},
}

@article{Flynn_empirical_2001,
    title={Empirical evidence for the {Birch} and {Swinnerton-Dyer} conjectures for modular Jacobians of genus 2 curves},
    author={Flynn, E. and Lepr{\'e}vost, F. and Schaefer, E. and Stein, W. and Stoll, M. and Wetherell, J.},
    journal={Mathematics of Computation},
    volume={70},
    number={236},
    pages={1675--1697},
    year={2001},
}


@InProceedings{Joye_montladder_2003,
    title={The {Montgomery} powering ladder},
    author={Joye, M. and Yen, S.M.},
    booktitle={International Workshop on Cryptographic Hardware and Embedded
                  Systems, {CHES 2002}},
    pages={291--302},
    year={2002},
    organization={Springer},
}

@article{mumford_tata2_1984,
  title={Tata lectures on theta II},
  author={Mumford, D.},
  journal={Progress in Mathematics},
  volume={43},
  pages={243--265},
  year={1984},
  publisher={Birkh${\"a}$user}
}




@article{fong2004field,
    title={Field inversion and point halving revisited},
    author={Fong, K. and Hankerson, D. and L{\'o}pez, J. and Menezes, A.},
    journal={IEEE Transactions on Computers},
    volume={53},
    number={8},
    pages={1047--1059},
    year={2004},
    publisher={IEEE},
}

@InProceedings{halfadd,
    title={Elliptic scalar multiplication using point halving},
    author={Knudsen, E.W.},
    booktitle={International Conference on the Theory and Application of Cryptology and Information Security},
    pages={135--149},
    year={1999},
    organization={Springer},
}

@misc{hyperelliptic,
author = {Burnstein, D.J. and Lange, T.},
title = {Explicit Formulas Database},
year = {2016},
note = {\url{http://hyperelliptic.org/}},
}

@mastersthesis{Lindner_Msc_2014,
author = {S.A. Lindner},
school = {University of Calgary},
title = {Fast Divisor Tripling},
year = {2014},
note = {\url{https://prism.ucalgary.ca/handle/11023/1723}},
}

@mastersthesis{Balamohan_MSc_2009,
author = {B. Balamohan},
school = {University of Ottawa},
title = {Accelerating the scalar multiplication on genus 2 hyperelliptic curve cryptosystems},
year = {2009},
}

@article{BauerJaulmesProuffWild_horizontalecc_2015,
  title={Horizontal collision correlation attack on elliptic curves},
  author={Bauer, A. and Jaulmes, E. and Prouff, E. and Reinhard, J.R. and Wild, J},
  journal={Cryptography and Communications},
  volume={7},
  number={1},
  pages={91--119},
  year={2015},
  publisher={Springer},
}

@misc{BelenkyGeyzelKaraEntelis_cross_2012,
  title={Two Exponentiation Algorithms Resistant to Cross-correlation Power Analysis and to Other Known Attacks.},
  author={Belenky, Y. and Geyzel, Z. and Kara-Ivanov, M. and Entelis, A.},
howpublished = {Cryptology ePrint Archive, Report 2012/723},
   year = {2012},
   note = {\url{http://eprint.iacr.org/}},
}

@article{Bos_constant_2014,
  title={Constant time modular inversion},
  author={Bos, Joppe W},
  journal={Journal of Cryptographic Engineering},
  volume={4},
  number={4},
  pages={275--281},
  year={2014},
  publisher={Springer},
}

@inproceedings{BosCostelloHisilLauter_fastg2_2013,
author = {J.W. Bos and C. Costello and H. Hisil and K. Lauter},
booktitle = {EUROCRYPT},
pages = {194-210},
title = {Fast cryptography in genus 2},
volume = {7881 of Lecture Notes in Computer Science},
year = {2013},
editor = {T. Johansson and P.Q. Nguyen},
publisher = {Springer},
}


@inproceedings{BrierJoye_unified_2002,
  title={Weierstra{\ss} elliptic curves and side-channel attacks},
  author={Brier, E. and Joye, M.},
  booktitle={Public Key Cryptography},
  pages={335--345},
  year={2002},
  organization={Springer},
}

@article{Byrne_comparison_2007,
  title={Comparison of simple power analysis attack resistant algorithms for an elliptic curve cryptosystem},
  author={Byrne, A. and Meloni, N. and Tisserand, A. and Popovici, E. and Marnane, W.},
  journal={Journal of Computers},
  volume={2},
  number={10},
  pages={52--62},
  year={2007},
}

@article{paulus1999real,
  title={Real and imaginary quadratic representations of hyperelliptic function fields},
  author={Paulus, S. and R{\"u}ck, H.},
  journal={Mathematics of Computation},
  volume={68},
  number={227},
  pages={1233--1241},
  year={1999},
}


@article{Cantor_compjac_1987,
author = {D. Cantor},
journal = {Mathematics of Computation},
pages = {95-101},
title = {Computing in the Jacobian of a Hyperelliptic Curve},
volume = {48},
number = {177},
year = {1987},
}

@book{CasselsFlynn_g2arithmetic_1996,
address = {Cambridge},
author = {J.W.S. Cassels and E.V. Flynn},
publisher = {Cambridge University Press},
series = {London Mathematical Society Lecture Notes},
title = {Prolegomena to a middle brow arithmetic of curves of genus 2},
volume = {230},
year = {1996},
}

@inproceedings{ChabrierTisserand_multibase_2013,
  title={On-the-fly multi-base recoding for ECC scalar multiplication without pre-computations},
  author={Chabrier, T. and Tisserand, A.},
  booktitle={Computer Arithmetic (ARITH), 2013 21st IEEE Symposium on},
  pages={219--228},
  year={2013},
  organization={IEEE},
}

@article{ChevallierCietJoye_atomicity_2004,
  title={Low-cost solutions for preventing simple side-channel analysis: Side-channel atomicity},
  author={Chevallier-Mames, B. and Ciet, M. and Joye, M.},
  journal={IEEE Transactions on Computers},
  volume={53},
  number={6},
  pages={760--768},
  year={2004},
  publisher={IEEE},
}

@inproceedings{Coron_resistance_1999,
  title={Resistance against differential power analysis for elliptic curve cryptosystems},
  author={Coron, J.S.},
  booktitle={Cryptographic Hardware and Embedded Systems},
  pages={292--302},
  year={1999},
  organization={Springer},
}

@incollection{CostelloLonga_fourq_2015,
  title={Fourℚ: Four-Dimensional Decompositions on a ℚ-curve over the Mersenne Prime},
  author={Costello, C. and Longa, P.},
  booktitle={Advances in Cryptology--ASIACRYPT 2015},
  pages={214--235},
  year={2015},
  publisher={Springer},
}

@inproceedings{CostelloLauter_geo_2011,
author = {C. Costello and K. Lauter},
booktitle = {Selected areas in Cryptography},
pages = {92-117},
title = {Group Law Computations on Jacobians of Hyperelliptic Curves},
volume = {7118 of Lecture Notes in Computer Science},
year = {2011},
editor = {Miri and S. Vaudenay},
publisher = {Springer},
}

@article{ChungCostelloSmith_uniform_2015,
  title={Fast, uniform, and compact scalar multiplication for elliptic curves and genus 2 Jacobians with applications to signature schemes},
  author={Chung, P.N. and Costello, C. and Smith, B.},
  journal={arXiv preprint arXiv:1510.03174},
  year={2015},
}

@incollection{ClavierFeixGagnerotRousselletVerneuil_horizontal_2010,
  title={Horizontal correlation analysis on exponentiation},
  author={Clavier, C. and Feix, B. and Gagnerot, G. and Roussellet, M. and Verneuil, V.},
  booktitle={Information and Communications Security},
  pages={46--61},
  year={2010},
  publisher={Springer},
}

@misc{DangerGuilleyHoogvorstMurdicaNaccache_eccbigmac_2015,
title={Improving the Big Mac Attack on Elliptic Curve Cryptography},
  author={Danger, J.L. and Guilley, S. and Hoogvorst, P. and Murdica, C. and Naccache, D.},
   howpublished = {Cryptology ePrint Archive, Report 2015/819},
   year         = {2015},
   note         = {\url{http://eprint.iacr.org/}},
}

@inproceedings{DimitrovImbertMishra_dbchains_2005,
author = {V.Dimitrov and L. Imbert and P.K. Mishra},
title = { Efficient and secure elliptic curve point multiplication using double-base chains},
booktitle = {Advances in Cryptology, ASIACRYPT'05},
volume = {3788 of Lecture Notes in Computer Science},
pages = {59-78},
publisher = {Springer},
year = {2005},
}

@INPROCEEDINGS{DimitrovImbertMishra_DBNS_2008,
    author = {V. Dimitrov and L. Imbert and P.K. Mishra},
    title = {The Double-base Number System and its Application to Elliptic Curve Cryptography},
    booktitle = {Mathematics of Computation},
    year = {2008},
    number = {262},
    series = {77},
    pages = {1075--1104},
}

@INPROCEEDINGS{RozenhartJacobsonScheidler_Tabulation,
    author = {P. Rozenhart and M. J. Jacobson and R. Scheidler},
    title = {Tabulation of cubic function fields via polynomial binary cubic forms.},
    booktitle = {Mathematics of Computation},
    year = {2012},
    number = {280},
    series = {81},
    pages = {2335--2359},
}

@incollection{Doche_DIK_2006,
  title={Efficient scalar multiplication by isogeny decompositions},
  author={Doche, C. and Icart, T. and Kohel, D.R.},
  booktitle={Public Key Cryptography-PKC 2006},
  pages={191--206},
  year={2006},
  publisher={Springer}
}

@incollection{Doche_enumeration_2014,
  title={On the enumeration of double-base chains with applications to elliptic curve cryptography},
  author={Doche, C.},
  booktitle={Advances in Cryptology--ASIACRYPT 2014},
  pages={297--316},
  year={2014},
  publisher={Springer},
}

@article{EricksonJacobsonStein_realg2_2011,
    author = {S. Erickson and M.J. Jacobson and A. Stein},
    title = {Explicit formulas for real hyperelliptic curves of genus 2 in affine representation},
    journal = {Advances in Mathematics of Communication},
    year = {2011},
    pages = {623-666},
    volume = {5},
    number = {4},
    publisher = {SpringerVerlag},
}

@inproceedings{FanGong_DBLADD_2007,
author = {X. Fan and G. Gong},
booktitle = {Selected Areas in Cryptography},
pages = {155-172},
title = {Efficient explicit formulae for genus 2 hyperelliptic curves over prime fields and their implementations},
volume = {4876 of Lecture Notes in Computer Science},
year = {2007},
publisher = {Springer-Verlag},
}

@InProceedings{FanGuoMulSchPreVer2010,
  author = 	 {J. Fan and X. Guo and E. Mulder De and P. Schaumont and B. Preneel and I. Verbauwhede},
  title = 	 {State-of-the-art of Secure {ECC} Implementations: a Survey on Known Side-Channel Attacks and Countermeasures},
  booktitle = {Proceedings of the 2010 {IEEE} International Symposium on Hardware-Oriented Security and Trust, {HOST 2010}},
  pages = 	 {76--87},
  year = 	 2010,
  publisher =    {IEEE},
  doi =          {10.1109/HST.2010.5513110}
}


@incollection{FouqueValette_doubling_2003,
  title={The doubling attack--why upwards is better than downwards},
  author={Fouque, P.A. and Valette, F.},
  booktitle={Cryptographic Hardware and Embedded Systems-CHES 2003},
  pages={269--280},
  year={2003},
  publisher={Springer},
}

@article{GalbraithLinScott_GLV_2011,
author = {S.D. Galbraith and X. Lin and M. Scott},
title = {Endomorphisms for faster elliptic curve cryptography on a large class of curves},
journal = {J. Cryptography},
volume = {24},
number ={3},
pages = {446-469},
year = {2011},
}

@inproceedings{GallantLambertVanstone_GLV_2001,
author = {R.P. Gallant and R.J. Lambert and S.A. Vanstone},
title = {Faster point multiplication on elliptic curves with efficient endomorphisms},
booktitle = {Eurocrypt},
volume = {2139 of Lecture Notes in Computer Science},
editor = {J. Kilian},
pages = {190-210},
year = {2001},
publisher = {Springer},
}

@INPROCEEDINGS{GaudryHarley_pointcount_2000,
    author = {P. Gaudry and R. Harley},
    title = {Counting Points on Hyperelliptic Curves over Finite Fields},
    booktitle = {ANTS IV},
    year = {2000},
    pages = {313-332},
    publisher = {Springer-Verlag},
}

@article{Gaudry_kummer_2007,
    author = {P. Gaudry},
    title = {Fast genus 2 arithmetic based on Theta functions},
    journal = {Journal of Mathematical Cryptology},
    volume = {1},
    year = {2007},
    pages = {243-266},
}

@incollection{HanleyKimTunstall_addchain_2015,
  title={Exploiting collisions in addition chain-based exponentiation algorithms using a single trace},
  author={Hanley, N. and Kim, H. and Tunstall, M.},
  booktitle={Topics in Cryptology---CT-RSA 2015},
  pages={431--448},
  year={2015},
  publisher={Springer},
}


@unpublished{Harley_explicit_2000,
author = {Harley, R.},
year = {2000},
title = {Fast Arithmetic on Genus Two Curves},
note = {Available at \url{http://cristal.inria.fr/~harley/hyper}},
journal = {ACM Transactions in Embedded Computing Systems - TECS},
}


@unpublished{Lange_explicitformulas_2017,
    author = {D. Bernstein and T. Lange},
    note = { Available at \url{https://hyperelliptic.org/EFD/}},
    title = {Explicit-formulas database},
    year = {2017},
}

@unpublished{Lindner_g2arithmetic_2017,
    author = {S.A. Lindner},
    note = { Available at \url{https://github.com/salindne/g2Arithmetic}},
    title = {Genus 2 Arithmetic Implementations},
    year = {2017},
}

@phdthesis{Hisil_linalgtrick_2010,
author = {H. Hisil},
school = {Queensland University of Technology},
title = {Elliptic curves, group law, and efficient computation},
year = {2010},
}


@incollection{HisilCostello_jaccoord_2014,
  title={Jacobian coordinates on genus 2 curves},
  author={Hisil, H. and Costello, C.},
  booktitle={Advances in Cryptology--ASIACRYPT 2014},
  pages={338--357},
  year={2014},
  publisher={Springer},
}

@incollection{HommaMiyamotoAokiSatohShamir_collision_2008,
  title={Collision-based power analysis of modular exponentiation using chosen-message pairs},
  author={Homma, N. and Miyamoto, A. and Aoki, T. and Satoh, A. and Shamir, A.},
  booktitle={Cryptographic Hardware and Embedded Systems--CHES 2008},
  pages={15--29},
  year={2008},
  publisher={Springer},
}

@inproceedings{ImbertJacobsonSchmidt_NUCOMP_2010,
author = {L. Imbert and M. J. Jacobson and A. Schmidt},
title = {Fast ideal cubing in imaginary quadratic number and function fields},
booktitle = {Advances in Mathematics of Communications},
year = {2010},
number = {2},
series = {4},
pages = {237-260},
}

@inproceedings{Joye_regmaryladder_2009,
  title={Highly regular m-ary powering ladders},
  author={Joye, M.},
  booktitle={Selected Areas in Cryptography},
  pages={350-363},
  year={2009},
  organization={Springer},
}

@incollection{Joye_recoding_2009,
  title={Exponent recoding and regular exponentiation algorithms},
  author={Joye, M. and Tunstall, M.},
  booktitle={Progress in Cryptology--AFRICACRYPT 2009},
  pages={334--349},
  year={2009},
  publisher={Springer},
}

@inproceedings{Joye_rtlalg_2007,
  title={Highly regular right-to-left algorithms for scalar multiplication},
  author={Joye, M.},
  volume={4727},
  booktitle={LNCS},
  pages={135-147},
  year={2007},
  organization={CHES 2007},
}

@article{KaratsubaOfman_polymul_1963,
author = {A. Karatsuba and Y. Ofman},
journal = {Sov. Phys. Dokl.  (Enlgish Translation)},
number = {7},
pages = {595-596},
title = {Multiplication of multidigit numbers on automata},
volume = {7},
year = {1963},
}

@article{Koblitz_ecc_1987,
author = {N. Koblitz},
journal = {Mathematics of Computation},
title = {Elliptic Curve Cryptography},
number = {177},
volume = {48},
pages = {203-209},
year = {1987},
}

@article{Koblitz_hecc_1989,
author = {N. Koblitz},
journal = {Journal of Cryptology},
title = {Elliptic Curve Cryptography},
number = {3},
volume = {1},
pages = {129-150},
year = {1989},
}

@article{Lange_explicit_2005,
author = {T. Lange},
journal = {Applicable Algebra in Engineering, Communications and Computing},
title = {Formulae for Arithmetic on Genus 2 Hyperelliptic Cruves},
volume = {15},
year = {2005},
pages = {295-328},
publisher = {Spring-Verlag},
}

@article{Lauter_geo_2003,
author = {K. Lauter},
journal = {Topics in Algebraic and Noncommutative Geometry},
pages = {165-171},
title = {The equivalence of geometric and algebraic group laws for Jacobians of genus 2 curves},
volume = {324},
year = {2003},
publisher = {American Mathematicl Society},
}

@article{Lauter_wireless_2004,
author = {K. Lauter},
journal = {IEEE Wirless Commun},
volume = {11},
number = {1},
pages = {62-67},
title = {The advantages of elliptic curve cryptography for wireless security},
year = {2004},
}

@article{LongaSica_4DGLV_2014,
  title={Four-dimensional Gallant--Lambert--Vanstone scalar multiplication},
  author={Longa, P. and Sica, F.},
  journal={Journal of cryptology},
  volume={27},
  number={2},
  pages={248--283},
  year={2014},
  publisher={Springer},
}

@misc{Meloni_addchains_2006,
   author       = {N. Meloni},
   title        = {Fast and secure elliptic curve scalar multiplication over prime fields using special addition chains},
   howpublished = {Cryptology ePrint Archive, Report 2006/216},
   year         = {2006},
   note         = {\url{http://eprint.iacr.org/}},
}

@techreport{MenezesWuZuccherato_elementary_1996,
author = {A. Menezes and Y. Wu and R. Zuccherato},
title = {An Elementary Introduction to Hyperelliptic Curves},
institution = {Center for Applied Cryptorgraphy Research (CACR)},
number = {CORR 1996-19},
year={1996},
note = {Available at \url{http://www.cacr.math.uwaterloo.ca/}},
}

@inproceedings{Miller_ecc_1986,
author = {V. S. Miller},
booktitle = {Crypto 1985},
pages = {417-426},
title = {Use of elliptic curves in cryptography},
year = {1986},
editor = {H.C. Williams},
volume = {218 0f Lecture Notes in Computer Science},
publisher = {Springer, Heidleberg},
}

@incollection{Moller_SCA_2001,
  title={Securing elliptic curve point multiplication against side-channel attacks},
  author={M{\"o}ller, B.},
  booktitle={Information Security},
  pages={324--334},
  year={2001},
  publisher={Springer},
}


@inproceedings{Nagao_highprob_2000,
author = {K. Nagao},
title = { Improving Group Law Algorithms for Jacobians of Hyperelliptic Curves},
booktitle = {ANTS IV},
volume = {ser. LNCS 1838},
pages = {439-448},
editor = {W. Bosma},
address = {Berlin},
publisher = {Springer-Verlag},
year = {2000},
}

@misc{RenesCostelloBatina_complete_2015,
  title={Complete addition formulas for prime order elliptic curves},
  author={Renes, J. and Costello, C. and Batina, L.},
   howpublished = {Cryptology ePrint Archive, Report 2015/1060},
   year         = {2015},
   note         = {\url{http://eprint.iacr.org/}},
}

@inproceedings{Takahashi_inversiontrick_2002,
author = {M. Takahashi},
publisher = {IEICE Japan},
booktitle = {Proceedings of {SCIS 2002}},
note = {In Japanese},
title = "Improving {H}arley Algorithms for Jacobians of Genus 2 Hyperelliptic Curves",
year = 2002,
pages = {497--502}
}

@inproceedings{Walter_bigmac_2001,
  title={Sliding windows succumbs to Big Mac attack},
  author={Walter, C.D.},
  booktitle={Cryptographic Hardware and Embedded Systems, {CHES 2001}},
  pages={286--299},
  year={2001},
  organization={Springer},
}

@article{WollingerPelzlPaar_g2explicit_2005,
author = {T. Wollinger and J. Pelzl and C. Paar},
journal = {IEEE, Transactions on Computers},
pages = {861-872},
title = {Cantor versus Harley: Optimization and Analysis of Explicit Formulae for Hyperelliptic Curve Cryptosystems},
volume = {54},
year = {2005},
}

@inproceedings{WollingerKovtun_proj_2007,
author = {T. Wollinger and V. Kovtun},
booktitle = {Fourth International Conference on Information Technology},
pages = {893-897},
title = {Fast explicit formulae for genus 2 hyperelliptic curves using projective coordinates},
year = {2007},
}

@phdthesis{Wollinger_PhD_2004,
author = {T. Wollinger},
school = {Bochum Germany},
title = {Software and hardware implementation of hyperelliptic curve cryptosystems},
year = {2004},
}

@book{HandbookHECC_2006,
author = {H. Cohen and G. Frey},
address = {6000 Broken Sound Parkway NW, Boca Raton, FL},
edition = {2nd},
publisher = {Chapman and Hall/CRC},
title = {Handbook of Elliptic and Hyperelliptic Curve Cryptography},
year = {2006},
}

@book{HandbookAC_1997,
address = {Boca Raton, Florida, USA},
author = {A. J. Menezes and P. C. van Oorschot and S. A. Vanstone},
publisher = {CRC Press},
title = {Handbook of Applied Cryptography},
year = {1997},
}

@book{MCA_2003,
author = {J. von zur Gathen and J. Gerhard},
address = {The Edingburgh Building, Cambridge CB2 2RU, UK},
edition = {2nd},
publisher = {Cambridge University Press},
title = {Modern Computer Algebra},
year = {2003},
}

@InProceedings{Coron99,
  author = 	 {J.S. Coron},
  title = 	 {Resistance against differential power analysis for elliptic
                  curve cryptography},
  booktitle =	 {Cryptographic Hardware and Embedded Systems, {CHES'99}},
  pages =	 {292--302},
  year =	 1999,
  editor =	 {\c{C}. K. Ko\c{c} and C. Paar},
  volume =	 1717,
  series =	 LNCS,
  publisher =	 {Springer}
}

@Article{YenJoy00,
  author = 	 {S.M. Yen and M. Joye},
  title = 	 {Checking Before Output Not May Not Be Enough Against Fault-Based Attacks},
  journal = 	 {IEEE Transactions on Computers},
  year = 	 2000,
  volume = 	 49,
  number = 	 9,
  pages = 	 {967--970}
}

@Article{Montgomery87,
  author = 	 {P. L. Montgomery},
  title = 	 {Speeding the {P}ollard and Elliptic Curve Methods of Factorization},
  journal = 	 {Mathematics of Computation},
  year = 	 1987,
  volume =	 48,
  number =	 177,
  pages =	 {243--264},
  month =	 Jan,
  pdf =          {Cryptography/Montgomery87.pdf}
}

@InProceedings{JoyYen02,
  author = 	 {M. Joye and S.M. Yen},
  title = 	 {The {Montgomery} Powering Ladder},
  booktitle =	 {Cryptographic Hardware and Embedded Systems, {CHES'02}},
  pages =	 {291--302},
  year =	 2002,
  volume =	 2523,
  series =	 LNCS
}

@Book{Knuth:vol2,
  author =	 {D.E. Knuth},
  title =	 {The Art of Computer Programming, Vol. 2: Seminumerical Algorithms},
  publisher =	 {Addison-Wesley},
  address =	 {Reading, MA},
  edition =	 {Third},
  year =	 1997
}

@InProceedings{BruTuv11:Remote_Timing_Still_Practical,
  author = 	 {B.B. Brumley and N. Tuveri},
  title = 	 {Remote Timing Attacks are Still Practical},
  booktitle = {Computer Security, {ESORICS 2011}},
  pages = 	 {355--371},
  year = 	 2011,
  volume = 	 6879,
  series = 	 LNCS,
  publisher = {Springer},
  doi={10.1007/978-3-642-23822-2_20}
}

@InCollection{FanVer12,
  author = 	 {J. Fan and I. Verbauwhede},
  title = 	 {An Updated Survey on Secure {ECC} Implementations: Attacks, Countermeasures and Cost},
  booktitle = 	 {Cryptography and Security: From Theory to Applications},
  pages = 	 {265--282},
  publisher =    {Springer},
  year = 	 2012,
  volume = 	 6805,
  series = 	 LNCS,
  doi =          {10.1007/978-3-642-28368-0_18}
}

@article{fan_g3_2006,
  title={Efficient explicit formulae for genus 3 hyperelliptic curve cryptosystems over binary fields},
  author={X. Fan and  T. Wollinger and G. Gong},
  journal={IET Information Security},
  volume={1},
  number={2},
  pages={65--81},
  year={2007},
  publisher={IET}
}

@book{HandbookFF_2013,
  title={Handbook of finite fields},
  author={Mullen, G.L. and Panario, D.},
  year={2013},
  publisher={Chapman and Hall/CRC}
}


@ARTICLE{Sutherland_g3_2019,
   AUTHOR = "Sutherland, A.V.",
   TITLE = "Fast {J}acobian arithmetic for hyperelliptic curves of genus 3",
   BOOKTITLE = "Algorithmic Number Theory - ANTS-XIII",
   ADDRESS = "Madison, USA",
   JOURNAL = "The Open Book Series",
   VOLUME = "2",
   NUMBER = "1",
   PUBLISHER = "Mathematical Sciences Publishers",
   YEAR = "2018",
   PAGES = "425-442" }

@phdthesis{Morales_balanced_2009,
  title={Efficient arithmetic on hyperelliptic curves with real representation},
  author={Mireles-Morales, D.J.M.},
  year={2009},
  school={University of London}
}

@article{Monireh_comp_2014,
  title={Comparison of scalar multiplication on real hyperelliptic curves.},
  author={Jacobson, M.J. and Rad, M.R. and Scheidler, R.},
  journal={Advances in Mathematics of Communication},
  volume={8},
  number={4},
  pages={389--406},
  year={2014}
}

@incollection{jacobson_fast_2007,
  title={Fast arithmetic on hyperelliptic curves via continued fraction expansions},
  author={Jacobson, M.J. and Scheidler, R. and Stein, A.},
  booktitle={Advances in coding theory and cryptography},
  pages={200--243},
  year={2007},
  publisher={World Scientific}
}



@article{Jacobson_real_2007,
  title={Cryptographic protocols on real hyperelliptic curves},
  author={Jacobson, M.J. and Scheidler, R. and Stein, A.},
  journal={Advances in Mathematics of Communications},
  volume={1},
  number={2},
  pages={197},
  year={2007},
  publisher={AMERICAN INSTITUTE OF MATHEMATICAL SCIENCES}
}

@inproceedings{Kedlaya_lseries_2008,
  title={Computing L-series of hyperelliptic curves},
  author={Kedlaya, K.S. and Sutherland, A.V.},
  booktitle={International Algorithmic Number Theory Symposium},
  pages={312--326},
  year={2008},
  organization={Springer}
}


@book{Galbraith_PKC_2012,
  author    = {Galbraith, S.D.},
  title     = {Mathematics of Public Key Cryptography},
  publisher = {Cambridge University Press},
  year      = {2012},
}

@Article{ImbJac13:amc,
  author = 	 {L. Imbert and {Jacobson Jr.}, M. J.},
  title = 	 {Empirical optimization of divisor arithmetic on hyperelliptic curves over
 $\mathbb{F}_{2^m}$},
  journal = 	 {Advances in Mathematics of Communication},
  year = 	 2013,
  volume = 	 7,
  number = 	 4,
  pages = 	 {485--502},
  doi =          {doi:10.3934/amc.2013.7.485}
}

@article{khuri_Jac_2018,
  title={On Jacobian group arithmetic for typical divisors on curves},
  author={Khuri-Makdisi, Kamal},
  journal={Research in Number Theory},
  volume={4},
  number={1},
  pages={3},
  year={2018},
  publisher={Springer}
}


@INPROCEEDINGS{ShanksNUCOMP,
  AUTHOR = "D. Shanks",
  TITLE = "On {G}auss and composition {I}, {II}",
  BOOKTITLE = "Proc. NATO ASI on Number Theory and Applications",
  PUBLISHER = "Kluwer Academic Press",
  EDITOR = "R.A. Mollin",
  YEAR = "1989",
  PAGES = "163-179" 
}


@INPROCEEDINGS{jacobson_nucomp_2002,
   AUTHOR = "Jacobson, Jr., M. J. and A. J. van der Poorten",
   TITLE = "Computational Aspects of {NUCOMP}",
   BOOKTITLE = "Algorithmic Number Theory - ANTS-V",
   ADDRESS = "Sydney, Australia",
   SERIES = "Lecture Notes in Computer Science",
   VOLUME = "2369",
   PUBLISHER = "Springer-Verlag, Berlin",
   YEAR = "2002",
   PAGES = "120-133" }
   
@INPROCEEDINGS{Galbraith_balanced_2008,
   AUTHOR = "Galbraith, S. D. and Harrison, M. and Mireles-Morales, D. J.",
   TITLE = "Efficient hyperelliptic arithmetic using balanced representation for divisors",
   BOOKTITLE = "Algorithmic Number Theory - ANTS-VIII",
   ADDRESS = "Banff, Canada",
   SERIES = "Lecture Notes in Computer Science",
   VOLUME = "5011",
   PUBLISHER = "Springer-Verlag, Berlin",
   YEAR = "2008",
   PAGES = "342-356" }
   

@BOOK{JWPellBook,
   AUTHOR = "Jacobson, Jr., M. J. and H. C. Williams",
   TITLE = "Solving the {P}ell Equation",
   PUBLISHER = "Springer-Verlag",
   SERIES = "CMS Books in Mathematics",
   NOTE = "ISBN 978-0-387-84922-5",
   YEAR = "2009"  
}

@unpublished{LindnerBal20:ANTS,
author = "S. A. Lindner and L. Imbert and Jacobson, Jr., M. J.",
title = "Balanced NUCOMP",
note = "submitted",
}

@unpublished{LindnerBal20:CASC,
author = "S. A. Lindner and L. Imbert and Jacobson, Jr., M. J.",
title = "Balanced NUCOMP",
note = "submitted",
}

@inproceedings{rad2019jacobian,
  title={Jacobian Versus Infrastructure in Split Hyperelliptic Curves},
  author={M. Rezai Rad and M. J. Jacobson and R. Scheidler},
  booktitle={Algebra, Codes and Cryptology},
  series={Communications in Computer and Information Science},
  volume={1133},
  pages={183--203},
  year={2019},
  organization={Springer}
}

@inproceedings{harasawa2000fast,
  title={Fast Jacobian group arithmetic on $C_{ab}$ curves},
  author={Harasawa, Ryuichi and Suzuki, Joe},
  BOOKTITLE = "Algorithmic Number Theory - ANTS-IV",
  ADDRESS = "Leiden, Netherlands",
  SERIES = "Lecture Notes in Computer Science",
  VOLUME = "1838",
  PUBLISHER = "Springer-Verlag, Berlin",
  YEAR = "2000",
  PAGES = "359-376" }

@ARTICLE{shaska_2019,
       author = "Shashka, T. and Kopeliovich, Y.",
        title = "{The addition on Jacobian varieties from a geometric viewpoint}",
      journal = {arXiv e-prints},
     keywords = {Mathematics - Number Theory, 14H05, 14H40 (Primary), 14H55, 94A60 (Secondary)},
         year = "2019",
        month = "Oct",
          eid = {arXiv:1907.11070v2},
        pages = {arXiv:1907.11070v2},
archivePrefix = {arXiv},
       eprint = {1907.11070v2},
 primaryClass = {math.NT}
}

@ARTICLE{evan_g3,
   AUTHOR = "MacNeil, E. and Jacobson Jr., M.J. and  Scheidler, R.",
   TITLE = "Divisor class group arithmetic on non-hyperelliptic genus 3 curves",
   BOOKTITLE = "Algorithmic Number Theory - ANTS-XIV",
   ADDRESS = "Aukland, New Zealand",
   JOURNAL = "The Open Book Series",
   VOLUME ="2",
   PUBLISHER = "Mathematical Sciences Publishers",
   YEAR = "2020",
}

@inproceedings{basiri2004implementing,
  title={Implementing the arithmetic of C 3, 4 curves},
  author={Basiri, Abdolali and Enge, Andreas and Faugere, Jean-Charles and G{\"u}rel, Nicolas},
  booktitle={International Algorithmic Number Theory Symposium},
  pages={87--101},
  year={2004},
  organization={Springer}
}